@article{Mikolov_2013,
  title={Efficient estimation of word representations in vector space},
  author={Mikolov, Tomas and others},
  journal={arXiv:1301.3781},
  year={2013}
}

@inproceedings{MED11,
    author = {P. Over and others},
    title = { An Overview of the Goals, Tasks, Data, Evaluation Mechanisms and Metrics},
    booktitle = {TRECVID},
    year = 2014,
}
%    author= { Paul Over and George Awad and Martial Michel and Jonathan Fiscus and Greg Sanders and Wessel Kraaij and Alan F. Smeaton and Georges Qu√©enot},

@inproceedings{Karpathy_CVPR14,
  author = {A. Karpathy and others},
  title={Large-scale video classification with convolutional neural networks},
  booktitle={CVPR},
  year={2014},
}


@inproceedings{Karpathy_NIPS14,
  author = {A. Karpathy and others},
  title={Deep fragment embeddings for bidirectional image sentence mapping},
  booktitle={NIPS},
  year={2014},
}

%  author={Karpathy, Andrej and Toderici, George and Shetty, Sanketh and Leung, Thomas and Sukthankar, Rahul and Fei-Fei, Li},

@article{Simonyan_2014,
  title={Very deep convolutional networks for large-scale image recognition},
  author={Simonyan, Karen and Zisserman, Andrew},
  journal={arXiv:1409.1556},
  year={2014}
}

@inproceedings{VIRAT,
  title={A large-scale benchmark dataset for event recognition in surveillance video},
  author={Oh, Sangmin and Hoogs, Anthony and Perera, Amitha and Cuntoor, Naresh and Chen, Chia-Chih and Lee, Jong Taek and Mukherjee, Saurajit and Aggarwal, JK and Lee, Hyungtae and Davis, Larry and others},
  booktitle={Computer Vision and Pattern Recognition (CVPR), 2011 IEEE Conference on},
  pages={3153--3160},
  year={2011},
  organization={IEEE}
}

@inproceedings{Ryoo_ICCV09,
  title={Spatio-temporal relationship match: Video structure comparison for recognition of complex human activities},
  author={Ryoo, Michael S and Aggarwal, Jake K},
  booktitle={Computer vision, 2009 ieee 12th international conference on},
  pages={1593--1600},
  year={2009},
  organization={IEEE}
}

@article{UCF_101,
  title={Ucf101: A dataset of 101 human actions classes from videos in the wild},
  author={Soomro, Khurram and others},
  journal={arXiv:1212.0402},
  year={2012}
}

@inproceedings{HMDB,
  title={HMDB: a large video database for human motion recognition},
  author={Kuehne, Hildegard and others},
  booktitle={ICCV},
  year={2011},
}

@inproceedings{shot_boundary,
  title={Fraunhofer HHI at TRECVID 2004: Shot boundary detection system},
  author={Petersohn, Christian},
  booktitle={TREC Video Retrieval Evaluation Online Proceedings, TRECVID},
  year={2004}
}

@inproceedings{Izadinia_ECCV12,
  author = {H. Izadinia and M. Shah},
  title = {Recognizing Complex Events using Large Margin Joint Low-Level Event Model},
  booktitle = {ECCV},
  year = {2012}
}

@inproceedings{Ramanathan_ICCV13,
  author = {V. Ramanathan and others},
  booktitle = {ICCV},
  title = {Video Event Understanding using Natural Language Descriptions},
  year = {2013},
}
%  author = {V. Ramanathan and P. Liang and L. Fei-Fei},

@article{Ranzato_2014,
  title={Video (language) modeling: a baseline for generative models of natural videos},
  author={Ranzato, MarcAurelio and others},
  journal={arXiv:1412.6604},
  year={2014}
}

@article{Srivastava_2015,
  title={Unsupervised Learning of Video Representations using LSTMs},
  author={Srivastava, Nitish and Mansimov, Elman and Salakhutdinov, Ruslan},
  journal={arXiv:1502.04681},
  year={2015}
}

@inproceedings{Wang_CVPR11,
  AUTHOR = {Heng Wang and others},
  TITLE = {{Action Recognition by Dense Trajectories}},
  BOOKTITLE = {CVPR},
  YEAR = {2011},
}

@inproceedings{Laptev_CVPR08,
  title={Learning realistic human actions from movies},
  author={Laptev, Ivan and others},
  booktitle={CVPR},
  year={2008},
}

@inproceedings{Wang_BMVC09,
  title={Evaluation of local spatio-temporal features for action recognition},
  author={Wang, Heng and others},
  booktitle={BMVC},
  year={2009},
}

@inproceedings{Peng_ECCV14,
  title={Action recognition with stacked fisher vectors},
  author={Peng, Xiaojiang and Zou, Changqing and Qiao, Yu and Peng, Qiang},
  booktitle={ECCV},
  year={2014},
}

@inproceedings{Dalal_ECCV06,
  title={Human detection using oriented histograms of flow and appearance},
  author={Dalal, Navneet and others},
  booktitle={ECCV},
  year={2006},
}


@inproceedings{Jain_CVPR13,
  title={Better exploiting motion for better action recognition},
  author={Jain, Mihir and J{\'e}gou, Herv{\'e} and Bouthemy, Patrick},
  booktitle={CVPR},
  year={2013},
}

@inproceedings{Huang_ICCV07,
  title={A biologically inspired system for action recognition},
  author={Jhuang, Hueihan and Serre, Thomas and Wolf, Lior and Poggio, Tomaso},
  booktitle={ICCV},
  year={2007},
}

@inproceedings{Le_CVPR11,
  author={Q. Le and others},
  title={Learning hierarchical invariant spatio-temporal features for action recognition with independent subspace analysis},
  booktitle={CVPR},
  year={2011},
}
%  author={Le, Quoc V and Zou, Will Y and Yeung, Serena Y and Ng, Andrew Y},

@inproceedings{Taylor_ECCV10,
  title={Convolutional learning of spatiotemporal features},
  author={Taylor, Graham and others},
  booktitle={ECCV},
  year={2010},
}

@article{Ji_PAMI13,
  title={3D convolutional neural networks for human action recognition},
  author={Ji, Shuiwang and Xu, Wei and Yang, Ming and Yu, Kai},
  journal={T-PAMI},
  year={2013},
}

@inproceedings{Sadanand_CVPR12,
  title={Action bank: A high-level representation of activity in video},
  author={Sadanand, Sreemanananth and Corso, Jason J},
  booktitle={CVPR},
  year={2012},
}

@inproceedings{Jiang_ECCV12,
year={2012},
booktitle={ECCV},
title={Trajectory-Based Modeling of Human Actions with Motion Reference Points},
author={Jiang, Yu-Gang and others},
}

@inproceedings{Oneata_ICCV13,
  title={Action and event recognition with Fisher vectors on a compact feature set},
  author={Oneata, Dan and Verbeek, Jakob and Schmid, Cordelia},
  booktitle={ICCV},
  year={2013},
}

@article{Oh_MVA14,
year={2014},
journal={Machine Vision and Applications},
volume={25},
title={Multimedia event detection with multimodal feature fusion and temporal concept localization},
author={S. Oh and others},
}
%author={Oh, Sangmin and McCloskey, Scott and Kim, Ilseo and Vahdat, Arash and Cannons, KevinJ. and Hajimirsadeghi, Hossein and Mori, Greg and Perera, A.G.Amitha and Pandey, Megha and Corso, JasonJ.},

@inproceedings{Yang_ECCV12,
  title={Complex events detection using data-driven concepts},
  author={Yang, Yang and Shah, Mubarak},
  booktitle={ECCV},
  year={2012},
}

@inproceedings{Levy_NIPS14,
  title={Neural word embedding as implicit matrix factorization},
  author={Levy, Omer and Goldberg, Yoav},
  booktitle={NIPS},
  year={2014}
}

@inproceedings{Grave_Col2014,
  title={A Markovian approach to distributional semantics with application to semantic compositionality},
  author={Grave, Edouard and Obozinski, Guillaume and Bach, Francis},
  booktitle={Coling},
  year={2014}
}

@article{Elman_Cogsci90,
  title={Finding structure in time},
  author={Elman, Jeffrey L},
  journal={Cognitive science},
  year={1990},
}


@article{Jiang_PAMI13,
  title={Label consistent k-svd: learning a discriminative dictionary for recognition},
  author={Jiang, Zhuolin and Lin, Zhe and Davis, Larry S},
  journal={T-PAMI},
  volume={35},
  number={11},
  pages={2651--2664},
  year={2013},
  publisher={IEEE}
}

@article{Yang_PAMI13,
  title={Discovering motion primitives for unsupervised grouping and one-shot learning of human actions, gestures, and expressions},
  author={Yang, Yang and Saleemi, Imran and Shah, Mubarak},
  journal={T-PAMI},
  volume={35},
  number={7},
  pages={1635--1648},
  year={2013},
  publisher={IEEE}
}

@inproceedings{Lee_WACV15,
  title={Clauselets: leveraging temporally related actions for video event analysis},
  author={Lee, Hyungtae and Morariu, Vlad I and Davis, Larry S},
  booktitle={WACV},
  year={2015}
}

@article{Maaten_JMLR08,
  title={Visualizing data using t-SNE},
  author={Van der Maaten, Laurens and Hinton, Geoffrey},
  journal={JMLR},
  volume={9},
  number={2579-2605},
  pages={85},
  year={2008}
}


@article{Zha_2015,
  title={ Exploiting Image-trained CNN Architectures for Unconstrained Video Classification},
  author={Shengxin Zha and Florian Luisier and Walter Andrews and Nitish Srivastava and Ruslan Salakhutdinov},
  journal={arXiv:1503.04144v2},
  year={2015}
}


@article{Goroshin_2015,
  title={Unsupervised Feature Learning from Temporal Data},
  author={Ross Goroshin and others},
  journal={arXiv:1504.02518},
  year={2015}
}

@article{Zaremba_2014,
  title={Recurrent neural network regularization},
  author={Zaremba, Wojciech and Sutskever, Ilya and Vinyals, Oriol},
  journal={arXiv:1409.2329},
  year={2014}
}

@inproceedings{Kim_CVPR13,
  title={Jointly aligning and segmenting multiple web photo streams for the inference of collective photo storylines},
  author={Kim, Gunhee and Xing, Eric P},
  booktitle={CVPR},
  year={2013}
}

@article{Jia_2014,
  author = {Y. Jia and others},
  Journal = {arXiv:1408.5093},
  Title = {Caffe: Convolutional Architecture for Fast Feature Embedding},
  Year = {2014}
}
%  Author = {Jia, Yangqing and Shelhamer, Evan and Donahue, Jeff and Karayev, Sergey and Long, Jonathan and Girshick, Ross and Guadarrama, Sergio and Darrell, Trevor},

@article{Xu_2015,
  Author = {Zhongwen Xu and Yi Yang and Alexander G. Hauptmann},
  Journal = {arXiv:1411.4006v1},
  Title = { A Discriminative CNN Video Representation for Event Detection},
  Year = {2015}
}

@inproceedings{Krizhevsky_NIPS12,
  title={Imagenet classification with deep convolutional neural networks},
  author={Krizhevsky, Alex and others},
  booktitle={NIPS},
  year={2012}
}

@inproceedings{Niebels_ECCV10,
  title={Modeling temporal structure of decomposable motion segments for activity classification},
  author={Niebles, Juan Carlos and Chen, Chih-Wei and Fei-Fei, Li},
  booktitle={ECCV},
  year={2010},
}

@inproceedings{Frome_NIPS13,
  title={Devise: A deep visual-semantic embedding model},
  author={A. Frome and others},
  booktitle={NIPS},
  year={2013}
}
%  author={Frome, Andrea and Corrado, Greg S and Shlens, Jon and Bengio, Samy and Dean, Jeff and Mikolov, Tomas and others},

@article{Kiros_2014,
  title={Unifying visual-semantic embeddings with multimodal neural language models},
  author={Kiros, Ryan and Salakhutdinov, Ruslan and Zemel, Richard S},
  journal={arXiv:1411.2539},
  year={2014}
}


%%% ------------ TRECVID WORKS ---------------
@article{Hauptmann_IEEE08,
  title={Video retrieval based on semantic concepts},
  author={Hauptmann, Alexander G and Christel, Michael G and Yan, Rong},
  journal={Proceedings of the IEEE},
  volume={96},
  number={4},
  pages={602--622},
  year={2008},
  publisher={IEEE}
}

@inproceedings{Jiang_ACM12,
  title={Leveraging high-level and low-level features for multimedia event detection},
  author={Jiang, Lu and others},
  booktitle={ACM ICM},
  year={2012}
}

@inproceedings{Lai_ECCV14,
  title={Recognizing Complex Events in Videos by Learning Key Static-Dynamic Evidences},
  author={Lai, Kuan-Ting and others},
  booktitle={ECCV},
  year={2014},
}

@inproceedings{Ikizler_ECCV10,
  title={Object, scene and actions: Combining multiple features for human action recognition},
  author={Ikizler-Cinbis, Nazli and Sclaroff, Stan},
  booktitle={ECCV},
  year={2010},
}

@inproceedings{Natarajan_CVPR12,
  title={Multimodal feature fusion for robust event detection in web videos},
  author={Natarajan, Pradeep and Wu, Shuang and Vitaladevuni, Shiv and Zhuang, Xiaodan and Tsakalidis, Stavros and Park, Unsang and Prasad, Rohit},
  booktitle={CVPR},
  year={2012}
}

@inproceedings{Tamrakar_CVPR12,
  title={Evaluation of low-level features and their combinations for complex event detection in open source videos},
  author={Tamrakar, Amir and others},
  booktitle={CVPR},
  year={2012},
}

@inproceedings{Deng_CVPR09,
  author = {J. Deng and others},
  title={Imagenet: A large-scale hierarchical image database},
  booktitle={CVPR},
  year={2009},
}
%  author={Deng, Jia and Dong, Wei and Socher, Richard and Li, Li-Jia and Li, Kai and Fei-Fei, Li},
% ------------------- END TRECVID ------------------------

@article{Kendall_Bio38,
  title={A new measure of rank correlation},
  author={Kendall, Maurice G},
  journal={Biometrika},
  pages={81--93},
  year={1938},
  publisher={JSTOR}
}

@article{Bahdnau_arxiv14,
  title={Neural machine translation by jointly learning to align and translate},
  author={Bahdanau, Dzmitry and Cho, Kyunghyun and Bengio, Yoshua},
  journal={arXiv preprint arXiv:1409.0473},
  year={2014}
}

@article{Donahue_arxiv14,
   title = {Long-term Recurrent Convolutional Networks for Visual Recognition and Description},
   author = {Jeff Donahue and Lisa Anne Hendricks and Sergio Guadarrama and Marcus Rohrbach and Subhashini Venugopalan and Kate Saenko and Trevor Darrell},
   year  = {2014},
   journal = {arXiv preprint arXiv:1411.4389}
}

@article{Tran_arxiv14,
  title={C3D: generic features for video analysis},
  author={Tran, Du and Bourdev, Lubomir and Fergus, Rob and Torresani, Lorenzo and Paluri, Manohar},
  journal={arXiv preprint arXiv:1412.0767},
  year={2014}
}

% ------------------------- Datasets ------------
@inproceedings{Activitynet,
  title={ActivityNet: A Large-Scale Video Benchmark for Human Activity Understanding},
  author={Heilbron, Fabian Caba and Escorcia, Victor and Ghanem, Bernard and Niebles, Juan Carlos},
  year={2015},
  booktitle={CVPR},
}

@article{APIDIS,
  title={Distributed video acquisition and annotation for sport-event summarization},
  author={De Vleeschouwer, Christophe and Chen, Fan and Delannay, Damien and Parisot, Christophe and Chaudy, Christophe and Martrou, Eric and Cavallaro, Andrea and others},
  journal={NEM summit},
  volume={8},
  year={2008}
}

@misc{THUMOS,
   author = "Jiang, Y.-G. and Liu, J. and Roshan Zamir, A. and Toderici, G. and Laptev,
   I. and Shah, M. and Sukthankar, R.",
   title = "{THUMOS} Challenge: Action Recognition with a Large
   Number of Classes",
   Year = {2014}
}

@inproceedings{UCF101,
   author = {Soomro, K. and Roshan Zamir, A. and Shah, M.},
   booktitle = {CRCV-TR-12-01},
   title = {{UCF101}: A Dataset of 101 Human Actions Classes From
   Videos in The Wild},
   year = {2012}
}

@incollection{Badminton,
  title={Human activity recognition with metric learning},
  author={Tran, Du and Sorokin, Alexander},
  booktitle={Computer Vision--ECCV 2008},
  pages={548--561},
  year={2008},
  publisher={Springer}
}

@inproceedings{Finegrained_cooking,
  title={A database for fine grained activity detection of cooking activities},
  author={Rohrbach, Marcus and Amin, Sikandar and Andriluka, Mykhaylo and Schiele, Bernt},
  booktitle={Computer Vision and Pattern Recognition (CVPR), 2012 IEEE Conference on},
  pages={1194--1201},
  year={2012},
  organization={IEEE}
}

@article{Shitrit_ICCV11,
  author = "H. Ben Shitrit and J. Berclaz and F. Fleuret and and P. Fua",
  title = {{Tracking Multiple People under Global Appearance Constraints}},
  journal = "International Conference on Computer Vision",
  year = 2011,
}

@inproceedings{Guo_ICME10,
  title={Multi-person activity recognition through hierarchical and observation decomposed HMM},
  author={Guo, Ping and Miao, Zhenjiang},
  booktitle={Multimedia and Expo (ICME), 2010 IEEE International Conference on},
  pages={143--148},
  year={2010},
  organization={IEEE}
}

@inproceedings{Basketball_small,
  title={Probabilistic event logic for interval-based event recognition},
  author={Brendel, William and Fern, Alan and Todorovic, Sinisa},
  booktitle={Computer Vision and Pattern Recognition (CVPR), 2011 IEEE Conference on},
  pages={3329--3336},
  year={2011},
  organization={IEEE}
}

@article{Wang_arxiv15,
  title={Temporal Pyramid Pooling Based Convolutional Neural Networks for Action Recognition},
  author={Wang, Peng and Cao, Yuanzhouhan and Shen, Chunhua and Liu, Lingqiao and Shen, Heng Tao},
  journal={arXiv preprint arXiv:1503.01224},
  year={2015}
}

@article{Ng_arxiv15,
  title={Beyond short snippets: Deep networks for video classification},
  author={Ng, Joe Yue-Hei and Hausknecht, Matthew and Vijayanarasimhan, Sudheendra and Vinyals, Oriol and Monga, Rajat and Toderici, George},
  journal={arXiv preprint arXiv:1503.08909},
  year={2015}
}

@article{Gkioxari_arxiv14,
  title={Finding action tubes},
  author={Gkioxari, Georgia and Malik, Jitendra},
  journal={arXiv preprint arXiv:1411.6031},
  year={2014}
}


@article{Gkioxari_ICCV15,
  title={Contextual action recognition with R*CNN},
  author={Gkioxari, Georgia and Girshick, Ross and Malik, Jitendra},
  journal={International Conference on Computer Vision},
  year={2014}
}

@article{Yao_arxiv15,
  title={Describing videos by exploiting temporal structure},
  author={Yao, Li and Torabi, Atousa and Cho, Kyunghyun and Ballas, Nicolas and Pal, Christopher and Larochelle, Hugo and Courville, Aaron},
  journal={stat},
  volume={1050},
  pages={25},
  year={2015}
}

@article{Itti_PAMI98,
  title={A model of saliency-based visual attention for rapid scene analysis},
  author={Itti, Laurent and Koch, Christof and Niebur, Ernst},
  journal={IEEE Transactions on Pattern Analysis \& Machine Intelligence},
  pages={1254--1259},
  year={1998},
  publisher={IEEE}
}

@inproceedings{Shapovalova_NIPS13,
  title={Action is in the eye of the beholder: eye-gaze driven model for spatio-temporal action localization},
  author={Shapovalova, Nataliya and Raptis, Michalis and Sigal, Leonid and Mori, Greg},
  booktitle={Advances in Neural Information Processing Systems},
  pages={2409--2417},
  year={2013}
}

@article{Xu_arxiv15,
  title={Show, attend and tell: Neural image caption generation with visual attention},
  author={Xu, Kelvin and Ba, Jimmy and Kiros, Ryan and Courville, Aaron and Salakhutdinov, Ruslan and Zemel, Richard and Bengio, Yoshua},
  journal={arXiv preprint arXiv:1502.03044},
  year={2015}
}

@inproceedings{Raptis_CVPR12,
  title={Discovering discriminative action parts from mid-level video representations},
  author={Raptis, Michalis and Kokkinos, Iasonas and Soatto, Stefano},
  booktitle={Computer Vision and Pattern Recognition (CVPR), 2012 IEEE Conference on},
  pages={1242--1249},
  year={2012},
  organization={IEEE}
}

@inproceedings{KTH,
  title={Recognizing human actions: a local SVM approach},
  author={Sch{\"u}ldt, Christian and Laptev, Ivan and Caputo, Barbara},
  booktitle={Pattern Recognition, 2004. ICPR 2004. Proceedings of the 17th International Conference on},
  volume={3},
  pages={32--36},
  year={2004},
  organization={IEEE}
}

@inproceedings{Breakfast,
  title={The language of actions: Recovering the syntax and semantics of goal-directed human activities},
  author={Kuehne, Hilde and Arslan, Ali and Serre, Thomas},
  booktitle={Computer Vision and Pattern Recognition (CVPR), 2014 IEEE Conference on},
  pages={780--787},
  year={2014},
  organization={IEEE}
}

@misc{Ryoo_10,
      author = "Ryoo, M. S. and Aggarwal, J. K.",
      title = "{UT}-{I}nteraction {D}ataset, {ICPR} contest on {S}emantic {D}escription of {H}uman {A}ctivities ({SDHA})",
      year = "2010",
      howpublished = "http://cvrc.ece.utexas.edu/SDHA2010/Human\_Interaction.html"
}

@inproceedings{Choi_ICCV09,
  title={What are they doing?: Collective activity classification using spatio-temporal relationship among people},
  author={Choi, Wongun and Shahid, Khuram and Savarese, Silvio},
  booktitle={Computer Vision Workshops (ICCV Workshops), 2009 IEEE 12th International Conference on},
  pages={1282--1289},
  year={2009},
  organization={IEEE}
}

@article{Desimone_ARN95,
  title={Neural mechanisms of selective visual attention},
  author={Desimone, Robert and Duncan, John},
  journal={Annual review of neuroscience},
  volume={18},
  number={1},
  pages={193--222},
  year={1995},
  publisher={Annual Reviews 4139 El Camino Way, PO Box 10139, Palo Alto, CA 94303-0139, USA}
}

%% ------------- Group activities ----------
@inproceedings{Vaswani_CVPR03,
  title={Activity recognition using the dynamics of the configuration of interacting objects},
  author={Vaswani, Namrata and Chowdhury, Amit Roy and Chellappa, Rama},
  booktitle={Computer Vision and Pattern Recognition, 2003. Proceedings. 2003 IEEE Computer Society Conference on},
  volume={2},
  pages={II--633},
  year={2003},
  organization={IEEE}
}

@inproceedings{Khan_ACM05,
  title={Detecting group activities using rigidity of formation},
  author={Khan, Saad M and Shah, Mubarak},
  booktitle={Proceedings of the 13th annual ACM international conference on Multimedia},
  pages={403--406},
  year={2005},
  organization={ACM}
}

@inproceedings{Moore_AAAI02,
  title={Recognizing multitasked activities from video using stochastic context-free grammar},
  author={Moore, Darnell and Essa, Irfan},
  booktitle={AAAI},
  year={2002}
}

@article{Intille_CVIU01,
  title={Recognizing planned, multiperson action},
  author={Intille, Stephen S and Bobick, Aaron F},
  journal={Computer Vision and Image Understanding},
  volume={81},
  number={3},
  pages={414--445},
  year={2001},
  publisher={Elsevier}
}

@article{medioni2001event,
  title={Event detection and analysis from video streams},
  author={Medioni, G{\'e}rard and Cohen, Isaac and Br{\'e}mond, Fran{\c{c}}ois and Hongeng, Somboon and Nevatia, Ramakant},
  journal={Pattern Analysis and Machine Intelligence, IEEE Transactions on},
  volume={23},
  number={8},
  pages={873--889},
  year={2001},
  publisher={IEEE}
}

@article{Khodabandeh_arxiv15,
  title={Discovering human interactions in videos with limited data labeling},
  author={Khodabandeh, Mehran and Vahdat, Arash and Zhou, Guang-Tong and Hajimirsadeghi, Hossein and Roshtkhari, Mehrsan Javan and Mori, Greg and Se, Stephen},
  journal={arXiv preprint arXiv:1502.03851},
  year={2015}
}

@article{Lan_PAMI12,
  title={Discriminative latent models for recognizing contextual group activities},
  author={Lan, Tian and Wang, Yang and Yang, Weilong and Robinovitch, Stephen N and Mori, Greg},
  journal={Pattern Analysis and Machine Intelligence, IEEE Transactions on},
  volume={34},
  number={8},
  pages={1549--1562},
  year={2012},
  publisher={IEEE}
}

@article{ryoo2011stochastic,
  title={Stochastic representation and recognition of high-level group activities},
  author={Ryoo, MS and Aggarwal, JK},
  journal={International journal of computer Vision},
  volume={93},
  number={2},
  pages={183--200},
  year={2011},
  publisher={Springer}
}

%%%%%%%%

@misc{Inception7,
  author = "Szegedy, Christian and others",
  title = "Scene classification with Inception-7",
  year = "2015",
  howpublished = "http://lsun.cs.princeton.edu/slides/Christian.pdf"
}

@misc{RMSProp,
  author = "Tieleman, Tijmen and Hinton, Geoffrey",
  title = "Lecture 6.5-rmsprop:  Divide the gradient by a running average of its recent magnitude. COURSERA: Neural Networks for Machine Learning",
  year = "2012"
}

@article{Veenman_PAMI2001,
  title={Resolving motion correspondence for densely moving points},
  author={Veenman, Cor J and Reinders, Marcel JT and Backer, Eric},
  journal={Pattern Analysis and Machine Intelligence, IEEE Transactions on},
  volume={23},
  number={1},
  pages={54--72},
  year={2001},
  publisher={IEEE}
}

@inproceedings{Graves_2013,
  title={Hybrid speech recognition with deep bidirectional LSTM},
  author={Graves, Alan and Jaitly, Navdeep and Mohamed, Abdel-rahman},
  booktitle={Automatic Speech Recognition and Understanding (ASRU), 2013 IEEE Workshop on},
  pages={273--278},
  year={2013},
  organization={IEEE}
}

<<<<<<< HEAD
% -------- Sports analysis ----------------------------
% Also, include Shitrit_ICCV11
@article{Pervse_CVIU09,
  title={A trajectory-based analysis of coordinated team activity in a basketball game},
  author={Per{\v{s}}e, Matej and Kristan, Matej and Kova{\v{c}}i{\v{c}}, Stanislav and Vu{\v{c}}kovi{\v{c}}, Goran and Per{\v{s}}, Janez},
  journal={Computer Vision and Image Understanding},
  volume={113},
  number={5},
  pages={612--621},
  year={2009},
  publisher={Elsevier}
}

@article{Assfalg_multi03,
  title={Semantic annotation of sports videos},
  author={Assfalg, J{\"u}rgen and Bertini, Marco and Colombo, Carlo and Del Bimbo, Alberto},
  journal={IEEE MultiMedia},
  number={2},
  pages={52--60},
  year={2002},
  publisher={IEEE}
}

@article{Xu_ITM08,
  title={A novel framework for semantic annotation and personalized retrieval of sports video},
  author={Xu, Changsheng and Wang, Jinjun and Lu, Hanqing and Zhang, Yifan},
  journal={Multimedia, IEEE Transactions on},
  volume={10},
  number={3},
  pages={421--436},
  year={2008},
  publisher={IEEE}
}

@article{Zhu_ITM09,
  title={Event tactic analysis based on broadcast sports video},
  author={Zhu, Guangyu and Xu, Changsheng and Huang, Qingming and Rui, Yong and Jiang, Shuqiang and Gao, Wen and Yao, Hongxun},
  journal={Multimedia, IEEE Transactions on},
  volume={11},
  number={1},
  pages={49--67},
  year={2009},
  publisher={IEEE}
}

@inproceedings{Ballan_ACM07,
  title={Soccer players identification based on visual local features},
  author={Ballan, Lamberto and Bertini, Marco and Bimbo, A Del and Nunziati, Walter},
  booktitle={Proceedings of the 6th ACM international conference on Image and video retrieval},
  pages={258--265},
  year={2007},
  organization={ACM}
}

@article{Lu_PAMI13,
  title={Learning to track and identify players from broadcast sports videos},
  author={Lu, Wei-Lwun and Ting, J-A and Little, James J and Murphy, Kevin P},
  journal={Pattern Analysis and Machine Intelligence, IEEE Transactions on},
  volume={35},
  number={7},
  pages={1704--1716},
  year={2013},
  publisher={IEEE}
}

@article{Ioffe_arxiv15,
  title={Batch normalization: Accelerating deep network training by reducing internal covariate shift},
  author={Ioffe, Sergey and Szegedy, Christian},
  journal={arXiv preprint arXiv:1502.03167},
  year={2015}
}

@article{Szegedy_arxiv14,
  title={Scalable, high-quality object detection},
  author={Szegedy, Christian and Reed, Scott and Erhan, Dumitru and Anguelov, Dragomir},
  journal={arXiv preprint arXiv:1412.1441},
  year={2014}
}
=======


@ARTICLE{Lu2013,
   title       = "Learning to track and identify players from broadcast sports
                  videos",
   author      = "Lu, Wei-Lwun and Ting, Jo-Anne and Little, James J and Murphy,
                  Kevin P",
   journal     = "IEEE Trans. Pattern Anal. Mach. Intell.",
   volume      =  35,
   number      =  7,
   pages       = "1704--1716",
   month       =  jul,
   year        =  2013
 }
 

@inproceedings{Szegedy13,
 url = {http://papers.nips.cc/paper/5207-deep-neural-networks-for-object-detection.pdf},
 author = "C. Szegedy and A. Toshev and D. Erhan",
 booktitle = nips,
 year = 2013,
 title = "Deep neural networks for object detection"
}

>>>>>>> 9217d0e650c738bf0d9a80541fa1521fcbd746a5
